<?xml version="1.0" encoding="UTF-8"?><collection xmlns="http://www.loc.gov/MARC21/slim"><record><leader>00637nam--2200205-i-4500</leader><controlfield tag="001">000004959</controlfield><controlfield tag="002">20161230</controlfield><controlfield tag="005">20161230201026</controlfield><controlfield tag="008">060222s1000------------r-----000-0-fre-d</controlfield><datafield ind1=" " ind2=" " tag="040"><subfield code="a">IFIN-HH</subfield></datafield><datafield ind1=" " ind2=" " tag="041"><subfield code="a">fre</subfield></datafield><datafield ind1=" " ind2=" " tag="080"><subfield code="a">519.4</subfield></datafield><datafield ind1="1" ind2=" " tag="100"><subfield code="a">Dubreuil-jacotin, M.L</subfield></datafield><datafield ind1="1" ind2="0" tag="245"><subfield code="a">Lecons sur la theorie des treillis des structures algebriques ordonnees et des treillis geometriques</subfield><subfield code="c">M.l. dubreuil-jacotin, r. croisot, l. lesieur</subfield></datafield><datafield ind1=" " ind2=" " tag="260"><subfield code="a">Paris</subfield><subfield code="b">Gauthier-villars</subfield><subfield code="c">1953</subfield></datafield><datafield ind1=" " ind2=" " tag="300"><subfield code="a">VIII+385P</subfield></datafield><datafield ind1=" " ind2=" " tag="490"><subfield code="a">Chahiers Scientifiques</subfield><subfield code="v">Fascicule Xxi</subfield></datafield><datafield ind1="1" ind2=" " tag="700"><subfield code="a">Lesieur, L</subfield></datafield><datafield ind1=" " ind2=" " tag="852"><subfield code="a">15324</subfield><subfield code="c">519.4</subfield></datafield><datafield ind1=" " ind2=" " tag="CAT"><subfield code="a">Sys</subfield><subfield code="c">20130809</subfield><subfield code="h">133341</subfield></datafield></record></collection>